@inproceedings{Boucher:1996:ACN:647473.727587,
  author = {Boucher, Dominique and Feeley, Marc},
  title = {Abstract Compilation: A New Implementation Paradigm for Static Analysis},
  booktitle = {Proceedings of the 6th International Conference on Compiler Construction},
  series = {CC '96},
  year = {1996},
  isbn = {3-540-61053-7},
  pages = {192--207},
  numpages = {16},
  url = {http://dl.acm.org/citation.cfm?id=647473.727587},
  acmid = {727587},
  publisher = {Springer-Verlag},
  address = {London, UK, UK},
}

@article{darais2017abstracting,
  title={Abstracting definitional interpreters (functional pearl)},
  author={Darais, David and Labich, Nicholas and Nguyen, Ph{\'u}c C and Van Horn, David},
  journal={Proceedings of the ACM on Programming Languages},
  volume={1},
  number={ICFP},
  pages={12},
  year={2017},
  publisher={ACM}
}

@inproceedings{Danvy:1990:AC:91556.91622,
 author = {Danvy, Olivier and Filinski, Andrzej},
 title = {Abstracting Control},
 booktitle = {Proceedings of the 1990 ACM Conference on LISP and Functional Programming},
 series = {LFP '90},
 year = {1990},
 isbn = {0-89791-368-X},
 location = {Nice, France},
 pages = {151--160},
 numpages = {10},
 url = {http://doi.acm.org/10.1145/91556.91622},
 doi = {10.1145/91556.91622},
 acmid = {91622},
 publisher = {ACM},
 address = {New York, NY, USA},
}

@inproceedings{Johnson:2013:OAA:2500365.2500604,
  author = {Johnson, J. Ian and Labich, Nicholas and Might, Matthew and Van Horn, David},
  title = {Optimizing Abstract Abstract Machines},
  booktitle = {Proceedings of the 18th ACM SIGPLAN International Conference on Functional Programming},
  series = {ICFP '13},
  year = {2013},
  isbn = {978-1-4503-2326-0},
  location = {Boston, Massachusetts, USA},
  pages = {443--454},
  numpages = {12},
  url = {http://doi.acm.org/10.1145/2500365.2500604},
  doi = {10.1145/2500365.2500604},
  acmid = {2500604},
  publisher = {ACM},
  address = {New York, NY, USA},
  keywords = {abstract interpretation, abstract machines},
} 

@article{Amin:2017:CTI:3177123.3158140,
 author = {Amin, Nada and Rompf, Tiark},
 title = {Collapsing Towers of Interpreters},
 journal = {Proc. ACM Program. Lang.},
 issue_date = {January 2018},
 volume = {2},
 number = {POPL},
 month = dec,
 year = {2017},
 issn = {2475-1421},
 pages = {52:1--52:33},
 articleno = {52},
 numpages = {33},
 url = {http://doi.acm.org/10.1145/3158140},
 doi = {10.1145/3158140},
 acmid = {3158140},
 publisher = {ACM},
 address = {New York, NY, USA},
 keywords = {Lisp, Scala, compiler, interpreter, reflection, staging},
}

@InProceedings{toman_et_al:LIPIcs:2017:7121,
  author =	{John Toman and Dan Grossman},
  title =	{{Taming the Static Analysis Beast}},
  booktitle =	{2nd Summit on Advances in Programming Languages (SNAPL 2017)},
  pages =	{18:1--18:14},
  series =	{Leibniz International Proceedings in Informatics (LIPIcs)},
  ISBN =	{978-3-95977-032-3},
  ISSN =	{1868-8969},
  year =	{2017},
  volume =	{71},
  editor =	{Benjamin S. Lerner and Rastislav Bod{\'i}k and Shriram Krishnamurthi},
  publisher =	{Schloss Dagstuhl--Leibniz-Zentrum fuer Informatik},
  address =	{Dagstuhl, Germany},
  URL =		{http://drops.dagstuhl.de/opus/volltexte/2017/7121},
  URN =		{urn:nbn:de:0030-drops-71213},
  doi =		{10.4230/LIPIcs.SNAPL.2017.18},
  annote =	{Keywords: static analysis, frameworks, api knowledge, library specifications}
}

@inproceedings{liang2014fast,
  title={Fast flow analysis with godel hashes},
  author={Liang, Shuying and Sun, Weibin and Might, Matthew},
  booktitle={Source Code Analysis and Manipulation (SCAM), 2014 IEEE 14th International Working Conference on},
  pages={225--234},
  year={2014},
  organization={IEEE}
}

@article{damian1999partial,
  title={Partial evaluation for program analysis},
  author={Damian, Daniel},
  journal={Progress report, BRICS PhD School, University of Aarhus},
  year={1999}
}

@article{amtoft1999partial,
  title={Partial evaluation for constraint-based program analyses},
  author={Amtoft, Torben},
  journal={BRICS Report Series},
  volume={6},
  number={45},
  year={1999}
}

@inproceedings{gilray2016pushdown,
  title={Pushdown control-flow analysis for free},
  author={Gilray, Thomas and Lyde, Steven and Adams, Michael D and Might, Matthew and Van Horn, David},
  booktitle={ACM SIGPLAN Notices},
  volume={51},
  number={1},
  pages={691--704},
  year={2016},
  organization={ACM}
}

@inproceedings{vardoulakis2010cfa2,
  title={CFA2: a context-free approach to control-flow analysis},
  author={Vardoulakis, Dimitrios and Shivers, Olin},
  booktitle={European Symposium on Programming},
  pages={570--589},
  year={2010},
  organization={Springer}
}

@inproceedings{earl2012introspective,
  title={Introspective pushdown analysis of higher-order programs},
  author={Earl, Christopher and Sergey, Ilya and Might, Matthew and Van Horn, David},
  booktitle={ACM SIGPLAN Notices},
  volume={47},
  number={9},
  pages={177--188},
  year={2012},
  organization={ACM}
}

@inproceedings{Shivers:1991:SSC:115865.115884,
 author = {Shivers, Olin},
 title = {The Semantics of Scheme Control-flow Analysis},
 booktitle = {Proceedings of the 1991 ACM SIGPLAN Symposium on Partial Evaluation and Semantics-based Program Manipulation},
 series = {PEPM '91},
 year = {1991},
 isbn = {0-89791-433-3},
 location = {New Haven, Connecticut, USA},
 pages = {190--198},
 numpages = {9},
 url = {http://doi.acm.org/10.1145/115865.115884},
 doi = {10.1145/115865.115884},
 acmid = {115884},
 publisher = {ACM},
 address = {New York, NY, USA},
}

@inproceedings{Shivers:1988:CFA:53990.54007,
 author = {Shivers, O.},
 title = {Control Flow Analysis in Scheme},
 booktitle = {Proceedings of the ACM SIGPLAN 1988 Conference on Programming Language Design and Implementation},
 series = {PLDI '88},
 year = {1988},
 isbn = {0-89791-269-1},
 location = {Atlanta, Georgia, USA},
 pages = {164--174},
 numpages = {11},
 url = {http://doi.acm.org/10.1145/53990.54007},
 doi = {10.1145/53990.54007},
 acmid = {54007},
 publisher = {ACM},
 address = {New York, NY, USA},
}

@inproceedings{hardekopf2011flow,
  title={Flow-sensitive pointer analysis for millions of lines of code},
  author={Hardekopf, Ben and Lin, Calvin},
  booktitle={Code Generation and Optimization (CGO), 2011 9th Annual IEEE/ACM International Symposium on},
  pages={289--298},
  year={2011},
  organization={IEEE}
}

@inproceedings{flanagan1993essence,
  title={The essence of compiling with continuations},
  author={Flanagan, Cormac and Sabry, Amr and Duba, Bruce F and Felleisen, Matthias},
  booktitle={ACM Sigplan Notices},
  volume={28},
  number={6},
  pages={237--247},
  year={1993},
  organization={ACM}
}

@inproceedings{felleisen1987calculus,
  title={A calculus for assignments in higher-order languages},
  author={Felleisen, Mattias and Friedman, Daniel P},
  booktitle={Proceedings of the 14th ACM SIGACT-SIGPLAN symposium on Principles of programming languages},
  pages={314},
  year={1987},
  organization={ACM}
}

@article{van2012systematic,
  title={Systematic abstraction of abstract machines},
  author={Van Horn, David and Might, Matthew},
  journal={Journal of Functional Programming},
  volume={22},
  number={4-5},
  pages={705--746},
  year={2012},
  publisher={Cambridge University Press}
}

@inproceedings{van2010abstracting,
  title={Abstracting abstract machines},
  author={Van Horn, David and Might, Matthew},
  booktitle={ACM Sigplan Notices},
  volume={45},
  number={9},
  pages={51--62},
  year={2010},
  organization={ACM}
}

@article{johnson2015abstracting,
  title={Abstracting abstract control},
  author={Johnson, James Ian and Van Horn, David},
  journal={ACM SIGPLAN Notices},
  volume={50},
  number={2},
  pages={11--22},
  year={2015},
  publisher={ACM}
}

@inproceedings{reynolds1972definitional,
  title={Definitional interpreters for higher-order programming languages},
  author={Reynolds, John C},
  booktitle={Proceedings of the ACM annual conference-Volume 2},
  pages={717--740},
  year={1972},
  organization={ACM}
}

@inproceedings{Gilray:2016:ACP:2951913.2951936,
 author = {Gilray, Thomas and Adams, Michael D. and Might, Matthew},
 title = {Allocation Characterizes Polyvariance: A Unified Methodology for Polyvariant Control-flow Analysis},
 booktitle = {Proceedings of the 21st ACM SIGPLAN International Conference on Functional Programming},
 series = {ICFP 2016},
 year = {2016},
 isbn = {978-1-4503-4219-3},
 location = {Nara, Japan},
 pages = {407--420},
 numpages = {14},
 url = {http://doi.acm.org/10.1145/2951913.2951936},
 doi = {10.1145/2951913.2951936},
 acmid = {2951936},
 publisher = {ACM},
 address = {New York, NY, USA},
 keywords = {Abstract allocation, Abstract interpretation, Context sensitivity, Control-flow analysis, Polyvariance, Static analysis},
}

@inproceedings{Sergey:2013:MAI:2491956.2491979,
 author = {Sergey, Ilya and Devriese, Dominique and Might, Matthew and Midtgaard, Jan and Darais, David and Clarke, Dave and Piessens, Frank},
 title = {Monadic Abstract Interpreters},
 booktitle = {Proceedings of the 34th ACM SIGPLAN Conference on Programming Language Design and Implementation},
 series = {PLDI '13},
 year = {2013},
 isbn = {978-1-4503-2014-6},
 location = {Seattle, Washington, USA},
 pages = {399--410},
 numpages = {12},
 url = {http://doi.acm.org/10.1145/2491956.2491979},
 doi = {10.1145/2491956.2491979},
 acmid = {2491979},
 publisher = {ACM},
 address = {New York, NY, USA},
 keywords = {abstract garbage collection, abstract interpretation, abstract machines, collecting semantics, interpreters, monads, operational semantics},
}

@inproceedings{Danvy:2008:DIP:1411204.1411206,
 author = {Danvy, Olivier},
 title = {Defunctionalized Interpreters for Programming Languages},
 booktitle = {Proceedings of the 13th ACM SIGPLAN International Conference on Functional Programming},
 series = {ICFP '08},
 year = {2008},
 isbn = {978-1-59593-919-7},
 location = {Victoria, BC, Canada},
 pages = {131--142},
 numpages = {12},
 url = {http://doi.acm.org/10.1145/1411204.1411206},
 doi = {10.1145/1411204.1411206},
 acmid = {1411206},
 publisher = {ACM},
 address = {New York, NY, USA},
 keywords = {big-step abstract machines, context-sensitive reduction semantics, continuations, cps transformation, defunctionalization, interruptions, natural semantics, reduction semantics, refocusing, small-step abstract machines, structural operational semantics},
}

@inproceedings{Ager:2003:FCE:888251.888254,
 author = {Ager, Mads Sig and Biernacki, Dariusz and Danvy, Olivier and Midtgaard, Jan},
 title = {A Functional Correspondence Between Evaluators and Abstract Machines},
 booktitle = {Proceedings of the 5th ACM SIGPLAN International Conference on Principles and Practice of Declaritive Programming},
 series = {PPDP '03},
 year = {2003},
 isbn = {1-58113-705-2},
 location = {Uppsala, Sweden},
 pages = {8--19},
 numpages = {12},
 url = {http://doi.acm.org/10.1145/888251.888254},
 doi = {10.1145/888251.888254},
 acmid = {888254},
 publisher = {ACM},
 address = {New York, NY, USA},
 keywords = {abstract machines, closure conversion, defunctionalization, interpreters, transformation into continuation-passing style (CPS)},
}

@inproceedings{Danvy:2001:DW:773184.773202,
 author = {Danvy, Olivier and Nielsen, Lasse R.},
 title = {Defunctionalization at Work},
 booktitle = {Proceedings of the 3rd ACM SIGPLAN International Conference on Principles and Practice of Declarative Programming},
 series = {PPDP '01},
 year = {2001},
 isbn = {1-58113-388-X},
 location = {Florence, Italy},
 pages = {162--174},
 numpages = {13},
 url = {http://doi.acm.org/10.1145/773184.773202},
 doi = {10.1145/773184.773202},
 acmid = {773202},
 publisher = {ACM},
 address = {New York, NY, USA},
 keywords = {CPS transformation, ML, Scheme, church encoding, closure conversion, continuation-passing style (CPS), continuations, defunctionalization, direct-style transformation, first-order programs, higher-order programs, lambda-lifting, regular expressions, supercombinator conversion, syntactic theories},
}

@article{danvy2004refocusing,
  title={Refocusing in reduction semantics},
  author={Danvy, Olivier and Nielsen, Lasse R},
  journal={BRICS Report Series},
  volume={11},
  number={26},
  year={2004}
}

@article{AGER2004223,
  title = "A functional correspondence between call-by-need evaluators and lazy abstract machines",
  journal = "Information Processing Letters",
  volume = "90",
  number = "5",
  pages = "223 - 232",
  year = "2004",
  issn = "0020-0190",
  doi = "https://doi.org/10.1016/j.ipl.2004.02.012",
  url = "http://www.sciencedirect.com/science/article/pii/S0020019004000638",
  author = "Mads Sig Ager and Olivier Danvy and Jan Midtgaard",
  keywords = "Functional programming, Program derivation, Interpreters, Abstract machines, Closure conversion, CPS transformation, Defunctionalization"
}

@article{ager2005functional,
  title={A functional correspondence between monadic evaluators and abstract machines for languages with computational effects},
  author={Ager, Mads Sig and Danvy, Olivier and Midtgaard, Jan},
  journal={Theoretical Computer Science},
  volume={342},
  number={1},
  pages={149--172},
  year={2005},
  publisher={Elsevier}
}

@inproceedings{Danvy:2006:RW:2171265.2171268,
 author = {Danvy, Olivier},
 title = {Refunctionalization at Work},
 booktitle = {Proceedings of the 8th International Conference on Mathematics of Program Construction},
 series = {MPC'06},
 year = {2006},
 isbn = {3-540-35631-2, 978-3-540-35631-8},
 location = {Kuressaare, Estonia},
 pages = {4--4},
 numpages = {1},
 url = {http://dx.doi.org/10.1007/11783596_2},
 doi = {10.1007/11783596_2},
 acmid = {2171268},
 publisher = {Springer-Verlag},
 address = {Berlin, Heidelberg},
}

@incollection{danvy2009towards,
  title={Towards compatible and interderivable semantic specifications for the Scheme programming language, Part I: Denotational semantics, natural semantics, and abstract machines},
  author={Danvy, Olivier},
  booktitle={Semantics and algebraic specification},
  pages={162--185},
  year={2009},
  publisher={Springer}
}

@incollection{biernacka2009towards,
  title={Towards compatible and interderivable semantic specifications for the Scheme programming language, Part II: Reduction semantics and abstract machines},
  author={Biernacka, Ma{\l}gorzata and Danvy, Olivier},
  booktitle={Semantics and algebraic specification},
  pages={186--206},
  year={2009},
  publisher={Springer}
}

@article{landin1966next,
  title={The next 700 programming languages},
  author={Landin, Peter J},
  journal={Communications of the ACM},
  volume={9},
  number={3},
  pages={157--166},
  year={1966},
  publisher={ACM}
}

@inproceedings{cousot1977abstract,
  title={Abstract interpretation: a unified lattice model for static analysis of programs by construction or approximation of fixpoints},
  author={Cousot, Patrick and Cousot, Radhia},
  booktitle={Proceedings of the 4th ACM SIGACT-SIGPLAN symposium on Principles of programming languages},
  pages={238--252},
  year={1977},
  organization={ACM}
}

@inproceedings{jones1981flow,
  title={Flow analysis of lambda expressions},
  author={Jones, Neil D},
  booktitle={International Colloquium on Automata, Languages, and Programming},
  pages={114--128},
  year={1981},
  organization={Springer}
}

@inproceedings{might2010resolving,
  title={Resolving and exploiting the k-CFA paradox: illuminating functional vs. object-oriented program analysis},
  author={Might, Matthew and Smaragdakis, Yannis and Van Horn, David},
  booktitle={ACM Sigplan Notices},
  volume={45},
  number={6},
  pages={305--315},
  year={2010},
  organization={ACM}
}

@inproceedings{Tobin-Hochstadt:2012:HSE:2384616.2384655,
 author = {Tobin-Hochstadt, Sam and Van Horn, David},
 title = {Higher-order Symbolic Execution via Contracts},
 booktitle = {Proceedings of the ACM International Conference on Object Oriented Programming Systems Languages and Applications},
 series = {OOPSLA '12},
 year = {2012},
 isbn = {978-1-4503-1561-6},
 location = {Tucson, Arizona, USA},
 pages = {537--554},
 numpages = {18},
 url = {http://doi.acm.org/10.1145/2384616.2384655},
 doi = {10.1145/2384616.2384655},
 acmid = {2384655},
 publisher = {ACM},
 address = {New York, NY, USA},
 keywords = {higher-order contracts, reduction semantics, symbolic execution},
}

